% Encoding: UTF-8

@String{a-appl-prob                         = {{Adv. Appl. Probab.}}}

@String{p-isope                             = {{Int. Offshore and Polar Eng. Conf., ISOPE}}}
@String{p-omae                              = {{Int. Conf. Offshore Mech. and Arctic Eng., OMAE}}}

@String{aap                                 = {Advances in Applied Probability}}
@String{acc                                 = {Accepted for publication}}
@String{ack-nhfb                            = {Nelson H. F. Beebe, University of Utah, Department of Mathematics, 110 LCB, 155 S 1400 E RM 233, Salt Lake City, UT 84112-0090, USA, Tel: +1 801 581 5254, FAX: +1 801 581 4148, e-mail: \path|beebe@math.utah.edu|, \path|beebe@acm.org|, \path|beebe@computer.org| (Internet), URL: \path|http://www.math.utah.edu/~beebe/|}}
@String{aihp                                = {Annales de l'Institut Henri Poincar\'e}}
@String{aism                                = {Annals of the Institute of Statistical Mathematics}}
@String{ams                                 = {Annals of Mathematical Statistics}}
@String{AMS                                 = {Amer. Meteorol. Soc.}}
@String{annprob                             = {Annals of Probability}}
@String{annstat                             = {Annals of Statistics}}
@String{APM                                 = {App. Math. Modelling}}
@String{bams                                = {Bulletin of the American Mathematical Society}}
% Papers using MPI
%
% This is a partial list, begun in late October, 1997.  It is intended to give
% an example of the range of applications that are known to be using
% MPI.  
% Note that some author lists are incomplete; if you have a more
% complete reference, please send it to gropp mcs.anl.gov .
@String{BCS                                 = {Boeing Computer Services}}
@String{BCS:adr                             = {Seattle, WA, USA}}
@String{BGS                                 = {Biogeosciences}}
@String{BLM                                 = {Boundary-Layer Meteorol.}}
@String{BPA                                 = {Beitr. Phys. Atmosph.}}
@String{BSSA                                = {Bull. Seismol. Soc. Am.}}
@String{CE                                  = {Chemistry and Ecology}}
@String{cjs                                 = {Canadian Journal of Statistics}}
@String{cpam                                = {Communications in Pure and Applied Mathematics}}
@String{cras                                = {Comptes Rendus de l'Academie des Sciences, Paris}}
@String{cras1math                           = {Comptes Rendus de l'Academie des Sciences, Paris, Ser.~I Math}}
@String{CSR                                 = {Cont. Shelf Res.}}
@String{cup                                 = {Cambridge University Press}}
@String{DSR                                 = {Deep-Sea Research}}
@String{ECSS                                = {Estuarine, Coastal and Shelf Science}}
@String{EFM                                 = {Environmental Fluid Mechanics}}
@String{EM                                  = {Ecological Modelling}}
@String{EPSL                                = {Earth Planet. Sci. Lett.}}
@String{EST                                 = {Estuaries}}
@String{et                                  = {Econometric Theory}}
@String{fifthberk                           = {Proceedings of the Fifth Berkeley Symposium on Mathematical Statistics and Probability}}
@String{fourthberk                          = {Proceedings of the Fourth Berkeley Symposium on Mathematical Statistics and Probability}}
@String{Franzius                            = {Mitteilungen des Franzius-Institutes}}
@String{G3                                  = {Geochem., Geophys., Geosys.}}
@String{GBC                                 = {Global Biogeochemical Cycles}}
@String{GJI                                 = {Geophys. J. Int.}}
@String{GJRAS                               = {Geophys. J. R. Astr. Soc.}}
@String{GRL                                 = {Geophysical Research Letters}}
@String{IJNMF                               = {Int. J. Numer. Meth. Fluids}}
@String{inp                                 = {In Press}}
@String{inst-CERFACS                        = {CERFACS}}
@String{inst-CERFACS:adr                    = {Toulouse, France}}
%%
%% WinShell 3.3.1.12
%% http://www.winshell.org/
%%

% Strings
@String{inst-comp-sci-dept-cath-univ-leuven = {{Comp. Sci. Dept., Cath. Univ. Leuven, Belgium}}}
@String{inst-CPAM-UCB                       = {Center for Pure and Applied Mathematics, University of California, Berkeley}}
@String{inst-CPAM-UCB:adr                   = {Berkeley, CA, USA}}
@String{inst-dept-marine-hydrodyn-nit       = {{Dept. of Marine Hydrodynamics, Norwegian Inst. of Technology, Trondheim, Norway}}}
@String{inst-dept-math-stat-lund            = {{Dept. of Math. Stat., Lund Univ., Sweden}}}
@String{inst-dept-math-univ-utrecht         = {{Dept. of Math., Univ. of Utrecht, The Netherlands}}}
@String{inst-manch-centre-comp-math         = {{Manchester Centre for Comp. Math., Manchester, England }}}
@String{inst-math-stat-centr-math-sci-lund  = {{Math. Stat., Center for Math. Sci., Lund Univ., Sweden}}}
@String{inst-MCCM                           = {Manchester Centre for Computational Mathematics}}
@String{inst-MCCM:adr                       = {Manchester, England}}
@String{inst-nit                            = {{ {N}orwegian Inst. of Technology, {T}rondheim, {N}orway}}}
@String{inst-ntnu                           = {{ {N}orwegian Univ. of Sci. and Technology, NTNU, Trondheim, Norway}}}
@String{inst-sintef-civ-env-eng             = {{{SINTEF} Civ. and Env. Eng., Trondheim, Norway}}}
@String{inst-U-MARYLAND-CS                  = {Department of Computer Science, University of Maryland}}
@String{inst-U-MARYLAND-CS:adr              = {College Park, MD, USA}}
@String{inst-UTK-CS                         = {Department of Computer Science, University of Tennessee, Knoxville}}
@String{inst-UTK-CS:adr                     = {Knoxville, TN 37996, USA}}
@String{isr                                 = {International Statistical Review}}
@String{j-acm-trans-math                    = {{{ACM} Trans. Math. Software}}}
@String{j-ACTA-NUMERICA                     = {Acta Numerica}}
@String{j-adv-appl-prob                     = {{Adv. Appl. Prob.}}}
@String{j-adv-coast-ocean-eng               = {{Adv. in Coastal and Ocean Eng.}}}
@String{j-ADV-QUANTUM-CHEM                  = {Advances in quantum chemistry}}
@String{j-AM-SCI                            = {American Scientist}}
@String{j-AMER-J-PHYSICS                    = {American Journal of Physics}}
@String{j-AMER-MATH-MONTHLY                 = {American Mathematical Monthly}}
@String{j-amer-stat-assoc                   = {{J. Amer. Stat. Assoc.}}}
@String{j-ANN-MATH-2                        = {Annals of Mathematics (2)}}
@String{j-ANN-PHYS-1900                     = {Annalen der Physik (1900)}}
@String{j-annals-math-stat                  = {{Ann. Math. Stat.}}}
@String{j-aor                               = {{Appl. Ocean Res.}}}
@String{j-APPL-MATH-COMP                    = {Applied Mathematics and Computation}}
@String{j-APPL-MATH-LETT                    = {Applied Mathematics Letters}}
@String{j-APPL-NUM-MATH                     = {Applied Numerical Mathematics}}
@String{j-appl-stat                         = {{Appl. Stat.}}}
@String{j-BIOMETRIKA                        = {Biometrika}}
@String{j-BIT                               = {BIT}}
@String{j-BIT-NUM-MATH                      = {BIT Numerical Mathematics}}
@String{j-BULL-AMS                          = {Bulletin of the American Mathematical Society}}
@String{j-BULL-INST-MATH-APPL               = {Bulletin of the Institute of Mathematics and its Applications}}
@String{j-CAH-PHYS                          = {Cahiers de Physique}}
@String{j-CAN-J-PHYS                        = {Canadian Journal of Physics = Journal canadien de physique}}
@String{j-CHEM-PHYS-LETT                    = {Chemical Physics Letters}}
@String{j-coastal-eng                       = {{Coastal Eng.}}}
@String{j-COMM-NUMER-METHODS-ENGRG          = {Communications in Numerical Methods in Engineering}}
@String{j-comm-stat-simul-comput            = {{Comm. Stat. Simul.}}}
@String{j-comp-graph-stat                   = {{J. Comp. Graph. Stat.}}}
@String{j-COMP-J                            = {The Computer Journal}}
@String{j-COMP-MATH-APPL                    = {Computers and Mathematics with Applications}}
@String{j-comp-phys                         = {{J. Comp. Phys.}}}
@String{j-COMP-PHYS-COMM                    = {Computer Physics Communications}}
@String{j-comp-sci-stat                     = {{Comp. Sci. Stat.}}}
@String{j-COMP-STRUCTURES                   = {Computers and Structures}}
@String{j-COMPUT-MATER-SCI                  = {Computational Materials Science}}
@String{j-COMPUTING                         = {Computing}}
@String{j-EARTHQUAKE-ENG-STRUCT-DYN         = {Earthquake engineering \& structural dynamics}}
@String{j-ELECTRON-TRANS-NUMER-ANAL         = {Electronic Transactions on Numerical Analysis}}
@String{j-eng-mech                          = {{J. Eng. Mech., {ASCE}}}}
@String{j-ERGEB-EXAKTEN-NATURWISS           = {Ergebnisse der Exakten Naturwissenschaften}}
@String{j-fatigue                           = {{Int. J. Fatigue}}}
@String{j-FIZ-SZ                            = {Fizikai Szemle (Budapest)}}
@String{j-fluid-mech                        = {{J. Fluid Mech.}}}
@String{j-FOUND-PHYS                        = {Foundations of Physics}}
@String{j-GEN-RELATIVITY-GRAV               = {General relativity and gravitation}}
@String{j-GEOPHYS-J-INT                     = {Geophysical journal international}}
@String{j-geophys-res                       = {{J. Geophys. Res.}}}
@String{j-HIST-MATH                         = {Historia Mathematica}}
@String{j-IEEE-TRANS-KNOWL-DATA-ENG         = {IEEE Transactions on Knowledge and Data Engineering}}
@String{j-ijope                             = {{Int. J. Offshore and Polar Eng.}}}
@String{j-IJQC                              = {International Journal of Quantum Chemistry}}
@String{j-IMA-J-NUMER-ANAL                  = {IMA Journal of Numerical Analysis}}
@String{j-INT-J-NUMER-ANAL-METHODS-GEOMECH  = {International Journal for Numerical and Analytical Methods in Geomechanics}}
@String{j-INT-J-NUMER-METHODS-ENG           = {International Journal for Numerical Methods in Engineering}}
@String{j-int-stat-rev                      = {{Int. Stat. Rev.}}}
@String{j-J-APPROX-THEORY                   = {Journal of Approximation Theory}}
@String{j-J-CHEM-PHYS                       = {Journal of Chemical Physics}}
@String{j-J-CHEMOM                          = {Journal of Chemometrics}}
@String{j-J-COMP-APPL-MATH                  = {Journal of Computational and Applied Mathematics}}
@String{j-J-COMPUT-CHEM                     = {Journal of Computational Chemistry}}
@String{j-J-COMPUT-PHYS                     = {Journal of Computational Physics}}
@String{j-J-FRANKLIN-INST                   = {Journal of {The Franklin Institute}}}
@String{j-J-INST-ELECTR-ENG                 = {Journal of the Institution of Electrical Engineers}}
@String{j-J-INST-MATH-APPL                  = {Journal of the Institute of Mathematics and its Applications}}
@String{j-J-MATH-CHEM                       = {Journal of Mathematical Chemistry}}
@String{j-J-MATH-PHYS                       = {Journal of Mathematical Physics}}
@String{j-J-MATH-PHYS-MIT                   = {Journal of mathematics and physics / Massachusetts Institute of Technology}}
@String{j-J-NUM-LIN-ALG-APPL                = {Journal of Numerical linear algebra with applications}}
@String{j-J-PAR-DIST-COMP                   = {Journal of Parallel and Distributed Computing}}
@String{j-J-RES-NATL-BUR-STAND-1934         = {Journal of Research of the National Bureau of Standards (1934)}}
@String{j-J-RES-NATL-BUR-STAND-1977         = {Journal of Research of the National Bureau of Standards (1977)}}
@String{j-J-SIAM                            = {Journal of the Society for Industrial and Applied Mathematics}}
@String{j-J-WASH-ACAD-SCI                   = {Journal of the Washington Academy of Sciences}}
@String{j-LECT-NOTES-COMP-SCI               = {Lecture Notes in Computer Science}}
@String{j-LINEAR-ALGEBRA-APPL               = {Linear Algebra and its Applications}}
@String{j-marine-env-eng                    = {{J. Marine Env. Eng.}}}
@String{j-MATH-ANN                          = {Mathematische Annalen}}
@String{j-MATH-COMPUT                       = {Mathematics of Computation}}
@String{j-MATH-GAZ                          = {Mathematical Gazette}}
@String{j-MATH-MAG                          = {Mathematics Magazine}}
@String{j-MATH-NACHR                        = {Mathematische Nachrichten}}
@String{j-MICROW-OPT-TECHNOL-LETT           = {Microwave and Optical Technology Letters}}
@String{j-NASA-CONF-PUBL                    = {NASA conference publication}}
@String{j-NATURWISSENSCHAFTEN               = {Naturwissenschaften}}
@String{j-NUCL-PHYS-A                       = {Nuclear Physics A}}
@String{j-NUCL-PHYS-B-PROC-SUPPL            = {Nuclear Physics B, Proceedings Supplements}}
@String{j-NUM-LIN-ALG-APPL                  = {Numerical Linear Algebra with Applications}}
@String{j-NUM-MATH                          = {Numerische Mathematik}}
@String{j-NUMER-ALGORITHMS                  = {Numerical Algorithms}}
@String{j-NUMER-METHODS-PARTIAL-DIFFER-EQU  = {Numerical Methods for Partial Differential Equations}}
@String{j-ocean-eng                         = {{Ocean Eng.}}}
@String{j-omae                              = {{J. Offshore Mech. and Arctic Eng.}}}
@String{j-PAMM                              = {Proceedings in Applied Mathematics and Mechanics}}
@String{j-PARALLEL-ALGORITHMS-APPL          = {Parallel Algorithms and Applications}}
@String{j-PARALLEL-COMPUTING                = {Parallel Computing}}
@String{j-PHYS-LET-A                        = {Physics Letters A}}
@String{j-PHYS-REV                          = {Physical Review}}
@String{j-PHYS-REV-2                        = {Physical Review (2)}}
@String{j-PHYS-REV-B                        = {Physical Review B (Solid State)}}
@String{j-PHYS-REV-LET                      = {Physical Review Letters}}
@String{j-PHYS-TEACHER                      = {The Physics Teacher}}
@String{j-PHYS-TODAY                        = {Physics Today}}
@String{j-PHYSIKAL-Z                        = {{Physikalische Zeitschrift}}}
@String{j-prob-eng-info-sci                 = {{Prob. Eng. Inform. Sci.}}}
@String{j-prob-eng-mech                     = {{Prob. Eng. Mech.}}}
@String{j-PROC-NATL-ACAD-SCI-USA            = {Proceedings of the National Academy of Sciences of the United States of America}}
@String{j-PROC-SPIE                         = {Proceedings of the SPIE --- The International Society for Optical Engineering}}
@String{j-PROG-PART-NUCL-PHYS               = {Progress in Particle and Nuclear Physics}}
@String{j-QUART-APPL-MATH                   = {Quarterly of Applied Mathematics}}
@String{j-RELIABLE-COMPUTING                = {Reliable Computing = Nadezhnye vychisleniia}}
@String{j-REV-MOD-PHYS                      = {Reviews of Modern Physics}}
@String{j-SCI-PROG                          = {Scientific Programming}}
@String{j-SCIENCE                           = {Science}}
@String{j-SCPE                              = {Scalable Computing: Practice and Experience}}
@String{j-siam-appl-math                    = {{{SIAM} J. Appl. Math.}}}
@String{j-SIAM-ASA-J-UNCERTAIN-QUANTIF      = {SIAM\slash ASA Journal on Uncertainty Quantification}}
@String{j-SIAM-J-APPL-MATH                  = {SIAM Journal on Applied Mathematics}}
@String{j-SIAM-J-MAT-ANA-APPL               = {SIAM Journal on Matrix Analysis and Applications}}
@String{j-SIAM-J-MATH-ANA                   = {SIAM Journal on Mathematical Analysis}}
@String{j-SIAM-J-NUM-ANALYSIS-B             = {Journal of the Society for Industrial and Applied Mathematics: Series B, Numerical Analysis}}
@String{j-SIAM-J-NUMER-ANAL                 = {SIAM Journal on Numerical Analysis}}
@String{j-SIAM-J-OPT                        = {SIAM Journal on Optimization}}
@String{j-SIAM-J-SCI-COMP                   = {SIAM Journal on Scientific Computing}}
@String{j-SIAM-J-SCI-STAT-COMP              = {SIAM Journal on Scientific and Statistical Computing}}
@String{j-siam-numer-anal                   = {{{SIAM} J. Numer. Anal.}}}
@String{j-SIAM-REVIEW                       = {SIAM Review}}
@String{j-siam-sci-comput                   = {{{SIAM} J. Sci. Comp.}}}
@String{j-stat-comp                         = {{Stat. Comp.}}}
@String{j-stat-comp-simul                   = {{J. Stat. Comp. Simul.}}}
@String{j-SYST-CONTROL-LETT                 = {Systems and Control Letters}}
@String{j-TOMS                              = {ACM Transactions on Mathematical Software}}
@String{j-waterway-pco-div                  = {{J. Waterway, Port, Coastal and Ocean Div., {ASCE}}}}
@String{j-waterway-pco-eng                  = {{J. Waterway, Port, Coastal and Ocean Eng., {ASCE}}}}
@String{j-Z-ANGE-MATH-PHYS                  = {{Zeitschrift f{\"u}r Angewandte Mathematik und Physik = Journal of Applied Mathematics and Physics}}}
@String{j-Z-PHYS                            = {{Zeitschrift f{\"u}r Physik}}}
@String{JAOT                                = {Journal of Atmospheric and Oceanic Technology}}
@String{jap                                 = {Journal of Applied Probability}}
@String{JAS                                 = {J. Atmos. Sci.}}
@String{jasa                                = {Journal of the American Statistical Association}}
@String{JCAM                                = {J. Climate Appl. Meteor.}}
@String{JFM                                 = {J. Fluid. Mech.}}
@String{JGD                                 = {J. Geodynamics}}
@String{JGR                                 = {J. Geophys. Res.}}
@String{jma                                 = {Journal of Multivariate Analysis}}
@String{JMR                                 = {Journal of Marine Research}}
@String{JMS                                 = {Journal of Marine Systems}}
@String{JPO                                 = {Journal of Physical Oceanography}}
@String{jrss                                = {Journal of the Royal Statistical Society}}
@String{jrssb                               = {Journal of the Royal Statistical Society, Series B}}
@String{JSR                                 = {Journal of Sea Research}}
@String{JSTRUCT                             = {J. Struct. Geol.}}
@String{jtp                                 = {Journal of Theoretical Probability}}
@String{lecam                               = {Le Cam, L.}}
@String{lncs                                = {{L}ecture {N}otes in {C}omputer {S}cience}}
@String{LO                                  = {Limnology and Oceanography}}
@String{mar-apr                             = {Mar.-April}}
@String{may-jun                             = {May-June}}
@String{MEPS                                = {Marine Ecology Progress Series}}
@String{MR                                  = {Meteorol. Rdsch.}}
@String{MWR                                 = {Mon. Wea. Rev.}}
@String{MZ                                  = {Meteorol. Z.}}
@String{newzw                               = {Probability Theory and Related Fields}}
@String{nov-dec                             = {Nov.-Dec.}}
@String{OD                                  = {Ocean Dynamics}}
@String{OM                                  = {Ocean Modelling}}
@String{OMOD                                = {Ocean Modelling}}
@String{opres                               = {Operations Research}}
@String{OS                                  = {Ocean Science}}
@String{PAGEOPH                             = {Pure Appl. Geophys.}}
@String{PEPI                                = {Phys. Earth Planet. Inter.}}
@String{PNAS                                = {Proc. Natl. Acad. Sci. USA}}
@String{PRL                                 = {Phys. Rev. Lett.}}
@String{pub-ACADEMIC                        = {Academic Press}}
@String{pub-ACADEMIC:adr                    = {New York, USA}}
@String{pub-ACM                             = {ACM Press}}
@String{pub-ACM:adr                         = {New York, NY 10036, USA}}
@String{pub-AIP                             = {American Institute of Physics}}
@String{pub-AIP:adr                         = {Woodbury, NY, USA}}
@String{pub-AKADEMIE-VERLAG                 = {Akademie-Verlag}}
@String{pub-AKADEMIE-VERLAG:adr             = {Berlin, Germany}}
@String{pub-AMS                             = {American Mathematical Society}}
@String{pub-AMS:adr                         = {Providence, RI, USA}}
@String{pub-AW                              = {Ad{\-d}i{\-s}on-Wes{\-l}ey}}
@String{pub-AW:adr                          = {Reading, MA, USA}}
@String{pub-BIRKHAUSER                      = {Birkh{\"a}user Verlag}}
@String{pub-BIRKHAUSER-BOSTON               = {Birkh{\"a}user Boston Inc.}}
@String{pub-BIRKHAUSER-BOSTON:adr           = {Cambridge, MA, USA}}
@String{pub-BIRKHAUSER:adr                  = {Basel, Switzerland}}
@String{pub-CAMBRIDGE                       = {Cambridge University Press}}
@String{pub-CAMBRIDGE:adr                   = {Cambridge, UK}}
@String{pub-CHAPMAN-HALL-CRC                = {Chapman and Hall/CRC}}
@String{pub-CHAPMAN-HALL-CRC:adr            = {Boca Raton, FL, USA}}
@String{pub-CLARENDON                       = {Clarendon Press}}
@String{pub-CLARENDON:adr                   = {New York, NY, USA}}
@String{pub-DOVER                           = {Dover Publications, Inc.}}
@String{pub-DOVER:adr                       = {New York, NY, USA}}
@String{pub-DUNOD                           = {Dunod}}
@String{pub-DUNOD:adr                       = {Paris, France}}
@String{pub-ELSEVIER                        = {Elsevier}}
@String{pub-ELSEVIER:adr                    = {Amsterdam, The Netherlands}}
@String{pub-HALSTED                         = {Halsted Press}}
@String{pub-HALSTED:adr                     = {New York, USA}}
@String{pub-HARVARD                         = {Harvard University Press}}
@String{pub-HARVARD:adr                     = {Cambridge, MA, USA}}
@String{pub-holden-day                      = {{Holden-Day}}}
@String{pub-IBM                             = {IBM Corporation}}
@String{pub-IBM:adr                         = {San Jose, CA, USA}}
@String{pub-IEEE                            = {IEEE Computer Society Press}}
@String{pub-IEEE:adr                        = {1109 Spring Street, Suite 300, Silver Spring, MD 20910, USA}}
@String{pub-INTERSCIENCE                    = {Interscience Publishers}}
@String{pub-INTERSCIENCE:adr                = {New York, NY, USA}}
@String{pub-KLUWER                          = {Kluwer Academic Publishers Group}}
@String{pub-KLUWER:adr                      = {Norwell, MA, USA, and Dordrecht, The Netherlands}}
@String{pub-MATH-ASSOC-AMER                 = {Mathematical Association of America}}
@String{pub-MATH-ASSOC-AMER:adr             = {Washington, DC, USA}}
@String{pub-MCGRAW-HILL                     = {Mc{\-}Graw-Hill}}
@String{pub-MCGRAW-HILL:adr                 = {New York, NY, USA}}
@String{pub-MIR                             = {Mir Publishers}}
@String{pub-MIR:adr                         = {Moscow, Russia}}
@String{pub-NAUKA                           = {Nauka}}
@String{pub-NAUKA:adr                       = {Moscow, Russia}}
@String{pub-NBS                             = {U.S. National Bureau of Standards}}
@String{pub-NBS:adr                         = {Gaithersburg, MD, USA}}
@String{pub-NORTH-HOLLAND                   = {North-Hol{\-}land}}
@String{pub-NORTH-HOLLAND:adr               = {Amsterdam, The Netherlands}}
@String{pub-OXFORD                          = {Oxford University Press}}
@String{pub-OXFORD:adr                      = {Walton Street, Oxford OX2 6DP, UK}}
@String{pub-PERGAMON                        = {Pergamon}}
@String{pub-PERGAMON:adr                    = {New York, NY, USA}}
@String{pub-PH                              = {Pren{\-}tice-Hall}}
@String{pub-PH:adr                          = {Upper Saddle River, NJ 07458, USA}}
@String{pub-PLENUM                          = {Plenum Press}}
@String{pub-PLENUM:adr                      = {New York, NY, USA; London, UK}}
@String{pub-prentice-hall                   = {{Prentice-Hall}}}
@String{pub-REIDEL                          = {D. Reidel}}
@String{pub-REIDEL:adr                      = {Dordrecht, The Netherlands; Boston, MA, USA; Lancaster, UK; Tokyo, Japan}}
@String{pub-SIAM                            = {SIAM Press}}
@String{pub-SIAM:adr                        = {Philadelphia, PA, USA}}
@String{pub-springer                        = {{Springer-Verlag}}}
@String{pub-STANFORD                        = {Stanford University Press}}
@String{pub-STANFORD:adr                    = {Stanford, CA, USA}}
@String{pub-SV                              = {Spring{\-}er-Ver{\-}lag}}
@String{pub-SV:adr                          = {Berlin, Germany~/ Heidelberg, Germany~/ London, UK~/ etc.}}
@String{pub-U-TORONTO                       = {University of Toronto Press}}
@String{pub-U-TORONTO:adr                   = {Toronto, ON, Canada}}
@String{pub-US-GPO                          = {U.S. Government Printing Office}}
@String{pub-US-GPO:adr                      = {Washington, DC, USA}}
@String{pub-WILEY                           = {Wiley}}
@String{pub-wiley                           = {{John Wiley \& Sons}}}
@String{pub-WILEY:adr                       = {New York, NY, USA}}
@String{pub-WORLD-SCI                       = {World Scientific Publishing Co. Pte. Ltd.}}
@String{pub-WORLD-SCI:adr                   = {P. O. Box 128, Farrer Road, Singapore 9128}}
@String{pub-WRE                             = {Weapons Research Establishment}}
@String{pub-WRE:adr                         = {Salisbury, Australia}}
@String{QJR                                 = {Quart. J. R. Meteorol. Soc.}}
@String{REV                                 = {Rev. Geophys.}}
@String{RGSP                                = {Rev. Geophys. Space Phys.}}
@String{s-mono-stat-appl-prob               = {{Monographs on Stat. and Appl. Prob.}}}
@String{saj                                 = {Scandinavian Actuarial Journal}}
@String{sankhyaA                            = {Sankhy{\=a}: The Indian Journal of Statistics, Series~A}}
@String{sep-oct                             = {Sept.-Oct.}}
@String{seqanal                             = {Sequential Analysis}}
@String{ser-LNCS                            = {Lecture Notes in Computer Science}}
@String{ser-LNCSE                           = {Lecture Notes in Computational Science and Engineering}}
@String{ser-LNM                             = {Lecture Notes in Mathematics}}
@String{siam                                = {Society for Industrial and Applied Mathematics}}
@String{sixthberk                           = {Proceedings of the Sixth Berkeley Symposium on Mathematical Statistics and Probability}}
@String{sjs                                 = {Scandinavian Journal of Statistics}}
@String{slnm                                = {Springer Lecture Notes in Mathematics}}
@String{slns                                = {Lecture Notes in Statistics}}
@String{smd                                 = {Soviet Math. Doklady}}
@String{spl                                 = {Statistics and Probability Letters}}
@String{spr                                 = {Spring}}
@String{springer                            = {Springer-Verlag}}
@String{SR                                  = {Journal of Sea Research}}
@String{statsci                             = {Statistical Science}}
@String{stopro                              = {Stochastic Processes and their Applications}}
@String{sub                                 = {Submitted}}
@String{sv                                  = {{S}pringer}}
@String{TECTON                              = {Tectonophys.}}
@String{thirdberk                           = {Proceedings of the Third Berkeley Symposium on Mathematical Statistics and Probability}}
@String{tpa                                 = {Theory of Probability and Its Applications}}
@String{tpb                                 = {Theoretical Population Biology}}
@String{ucpress                             = {University of California Press}}
@String{UNESCO                              = {Unesco technical papers in marine sciences}}
@String{zw                                  = {Zeitschrift f{\"u}r Wahrscheinlichkeitstheorie und Verwandte Gebiete}}

@Book{Carslaw1959a,
  title     = {Conduction of heat in solids},
  publisher = {Oxford University Press},
  year      = {1959},
  author    = {H. S. Carslaw and J. C. Jaeger},
  edition   = {Second Edition},
  owner     = {volker},
  timestamp = {2018.03.11},
}

@Book{Kaipio2005a,
  title     = {Statistical and Computational Inverse Problems},
  publisher = {Springer.},
  year      = {2005},
  author    = {J. P. Kaipio and E. Somersalo},
  address   = {New York- Berlin},
  owner     = {volker},
  timestamp = {2017.01.01},
}

@Article{Majorowicz2008a,
  author    = {J. Majorowicz and J. S \v{S}afanda and {Torun-1 Working Group}},
  title     = {Heat flow variation with depth in {P}oland: evidence from equilibrium temperature logs in 2.9-km-deep well {T}orun-1},
  journal   = {Int. J. Earth Sci.},
  year      = {2008},
  volume    = {97},
  pages     = {307--315},
  doi       = {10.1007/s00531-007-0210-2},
  owner     = {volker},
  timestamp = {2009.07.11},
}

@Book{Vogel2002a,
  title     = {Computational Methods for Inverse Problems},
  publisher = {SIAM},
  year      = {2002},
  author    = {Vogel, Curtis},
  address   = {Philadelphia PA, USA},
  owner     = {volker},
  timestamp = {2015.07.01},
}

@Article{Rath2007a,
  author    = {V. Rath and D. Mottaghy},
  title     = {Smooth inversion for ground surface temperature histories: estimating the optimum regularization parameter by generalized cross-validation},
  journal   = {Geophys. J. Int.},
  year      = {2007},
  volume    = {171},
  number    = {3},
  pages     = {1440--1448},
  doi       = {10.1111/j.1365-246X.2007.03587.x},
  owner     = {volker},
  timestamp = {2009.06.21},
}

@Article{Demezhko2001a,
  author    = {Demezhko, D. Y. and Shchapov, V. A.},
  title     = {80,000 years ground surface temperature history inferred from the temperature depth log measured in the superdeep hole {SG-4} (the {Urals}, {Russia})},
  journal   = {Global and Planetary Change},
  year      = {2001},
  volume    = {29},
  pages     = {219--230},
  owner     = {volker},
  timestamp = {2016.02.07},
}

@Article{Mosegaard2002a,
  author    = {K. Mosegaard and M. Sambridge},
  title     = {{M}onte {C}arlo analysis of inverse problems},
  journal   = {Inverse Problems},
  year      = {2002},
  volume    = {18},
  pages     = {29--54},
  annote    = {Review Artikel zu MC Methoden},
  code      = {OE4},
  keywords  = {inverse problems monte carlo stochastiv inversion numerical mathematics},
  owner     = {volker},
  timestamp = {2010.02.23},
}

@TechReport{Rath2019a,
  author      = {Volker Rath and Jan Sundberg and Jens-Ove N{\"{a}}slund and Lillemor Claesson Liljedahl},
  title       = {Paleoclimatic inversion of temperature profiles from deep boreholes at Forsmark and Laxemar},
  institution = {Svensk K{\"{a}}rnbr{\"{a}}nslehantering AB, Stockholm},
  year        = {2019},
  type        = {Technical Report},
  number      = {TR-18-06},
  owner       = {volker},
  timestamp   = {2011.01.08},
}

@Article{Mosegaard1995a,
  author    = {K. Mosegaard and A. Tarantola},
  title     = {{M}onte-{C}arlo Sampling of Solutions to Inverse Problems},
  journal   = {J. Geophys. Res.},
  year      = {1995},
  volume    = {100},
  number    = {B7},
  pages     = {12431--12447},
  owner     = {volker},
  timestamp = {2017.01.15},
}

@Article{Hotchkiss1934a,
  author    = {W. O. Hotchkiss and L. R. Ingersoll},
  title     = {Post-glacial time calculations from recent geothermal measurements in the {C}alumet copper mines},
  journal   = {J. of Geology},
  year      = {1934},
  volume    = {42},
  pages     = {113--142},
  owner     = {volker},
  timestamp = {2009.06.20},
}

@Article{Lachenbruch1986a,
  author    = {A. H. Lachenbruch and B. V. Marshall},
  title     = {Changing climate: geothermal evidence from permafrost in the Alaskan Arctic},
  journal   = {Science},
  year      = {1986},
  volume    = {234},
  pages     = {689--696},
  owner     = {volker},
  timestamp = {2009.06.21},
}

@Book{Hansen1998a,
  title     = {Rank-Deficient and Discrete Ill-Posed Problems: Numerical Aspects of Linear Inversion},
  publisher = {SIAM},
  year      = {1998},
  author    = {Hansen, {Per Christian}},
  owner     = {volker},
  timestamp = {2017.09.04},
}

@Article{Clauser1995a,
  author  = {Clauser, Christoph and Mareschal, Jean-Claude},
  title   = {Ground temperature history in central Europe from borehole temperature data},
  journal = {Geophysical Journal International},
  year    = {1995},
  volume  = {121},
  number  = {3},
  pages   = {805-817},
  doi     = {10.1111/j.1365-246X.1995.tb06440.x},
  review  = {/oup/backfile/content_public/journal/gji/121/3/10.1111/j.1365-246x.1995.tb06440.x/2/121-3-805.pdf},
}

@Book{Patankar1980a,
  title     = {Numerical Heat Transfer and Fluid Flow},
  publisher = {Hemisphere},
  year      = {1980},
  author    = {S. V. Patankar},
  address   = {Philadelphia PA, USA},
  owner     = {volker},
  timestamp = {2010.08.24},
}

@Article{Majorowicz2011a,
  author    = {J. Majorowicz and S. Wybraniec},
  title     = {New terrestrial heat flow map of {E}urope after regional paleoclimatic correction application},
  journal   = {Int. J. Earth Sci.},
  year      = {2011},
  volume    = {100},
  number    = {4},
  pages     = {881--887},
  doi       = {10.1007/s00531-010-0526-1},
  owner     = {volker},
  timestamp = {2009.06.20},
}

@Article{Rath2012a,
  author    = {V. Rath and J. F. Gonz\'alez-Rouco and H. Goosse},
  title     = {Impact of postglacial warming on borehole reconstructions of last millennium temperatures},
  journal   = {Climate of the Past},
  year      = {2012},
  volume    = {8},
  pages     = {1059--1066},
  doi       = {10.5194/cp-8-1059-2012},
  owner     = {volker},
  timestamp = {2012.06.21},
}

@Article{Gonzalez-Rouco2009a,
  author    = {J. F. {Gonz\'{a}lez-Rouco} and H. Beltrami and E. Zorita and M. B. Stevens},
  title     = {Borehole climatology: a discussion based on contributions from climate modeling},
  journal   = {Climate of the Past},
  year      = {2009},
  volume    = {4},
  number    = {21},
  pages     = {1--80},
  doi       = {10.1029/2003GL018264},
  file      = {Gonzalez-Rouco2003.pdf:Gonzalez-Rouco2003.pdf:PDF},
  groups    = {geothermics climate\_change numerical\_modeling projPaleopaper},
  owner     = {volker},
  timestamp = {2013.01.20},
}

@Article{Demezhko2014a,
  author    = {D.Yu. Demezhko and A.A. Gornostaeva},
  title     = {Reconstructions of long-term ground surface heat flux changes from deep-borehole temperature data},
  journal   = {Russian Geology and Geophysics},
  year      = {2014},
  volume    = {55},
  number    = {12},
  pages     = {1471 - 1475},
  issn      = {1068-7971},
  abstract  = {Abstract Based on analysis of geothermal data from the Ural superdeep borehole (SG-4) and Onega parametric borehole, the first reconstructions of ground surface heat flux changes for the last 40 kyr have been made. The increase in heat flux during the Pleistocene-Holocene warming (20-10 ka) proceeded ~\&xa0;2 kyr earlier than the growth in surface temperature; reaching the maximum value of 0.08-0.13 W/m2 at ~\&xa0;13 ka, the heat flux was reduced. The coordinated changes in heat flux and average annual insolation at 60 N at 5-24 ka indicate that the orbital factors were the main cause of climatic changes in this period. The correlations between the changes in heat flux and {{CO}$_2$} content in the Antarctic ice cores and the temperature changes are analyzed. 2014, V.S. Sobolev IGM, Siberian Branch of the RAS. Published by Elsevier B.V. All rights reserved.},
  doi       = {http://dx.doi.org/10.1016/j.rgg.2014.11.011},
  keywords  = {geothermy},
  owner     = {volker},
  timestamp = {2014.12.12},
  url       = {http://www.sciencedirect.com/science/article/pii/S1068797114002387},
}

@Article{Farquharson2004a,
  author    = {Farquharson, C. G. and Oldenburg, D. W.},
  title     = {A comparison of automatic techniques for estimating the regularization parameter in non-linear inverse problems},
  journal   = {Geophysical Journal International},
  year      = {2004},
  volume    = {156},
  number    = {3},
  pages     = {411-425},
  abstract  = {Two automatic ways of estimating the regularization parameter in underdetermined, minimum-structure-type solutions to non-linear inverse problems are compared: the generalized cross-validation and L-curve criteria. Both criteria provide a means of estimating the regularization parameter when only the relative sizes of the measurement uncertainties in a set of observations are known. The criteria, which are established components of linear inverse theory, are applied to the linearized inverse problem at each iteration in a typical iterative, linearized solution to the non-linear problem. The particular inverse problem considered here is the simultaneous inversion of electromagnetic loop--loop data for 1-D models of both electrical conductivity and magnetic susceptibility. The performance of each criteria is illustrated with inversions of a variety of synthetic and field data sets. In the great majority of examples tested, both criteria successfully determined suitable values of the regularization parameter, and hence credible models of the subsurface.},
  comment   = {http://gji.oxfordjournals.org/content/156/3/411.abstract},
  doi       = {10.1111/j.1365-246X.2004.02190.x},
  eprint    = {http://gji.oxfordjournals.org/content/156/3/411.full.pdf+html},
  owner     = {volker},
  timestamp = {2017.01.15},
}

@TechReport{Kukkonen2015a,
  author      = {Ilmo Kukkonen and Volker Rath and Arto Korpisalo},
  title       = {Paleoclimatic Inversion of Ground Surface Temperature History from Geothermal Data on the {O}lkiluoto Drill Hole {OL-KR56}},
  institution = {Posiva Oy},
  year        = {2015},
  type        = {Working Report 2015-49},
  address     = {Olkiluoto, Eurajoki, Finland},
  date        = {3/2016},
  owner       = {volker},
  timestamp   = {2016.05.11},
}

@Book{Rodgers2000a,
  title     = {Inverse Methods for atmospheric sounding},
  publisher = {World Scientific},
  year      = {2000},
  author    = {C. D. Rodgers},
  address   = {Singapore},
  owner     = {volker},
  timestamp = {2013.01.20},
}

@Article{Slagstad2009a,
  author    = {T. Slagstad and N. Balling and H. Elvebakk and K. Midtt{\o}mme and O. Olesen and L. Olsen and C. Pascal},
  title     = {Heat-flow measurements in {L}ate {P}alaeoproterozoic to {P}ermian geological provinces in south and central Norway and a new heat-flow map of {F}ennoscandia and the {N}orwegian{G}reenland {S}ea},
  journal   = {Tectonophysics},
  year      = {2009},
  volume    = {473},
  pages     = {341--361},
  owner     = {volker},
  timestamp = {2009.07.28},
}

@Book{Hansen2010a,
  title     = {{D}iscrete inverse problems: {I}nsight and algorithms},
  publisher = {{S}ociety for {I}ndustrial and {A}pplied {M}athematics ({S}{I}{A}{M})},
  year      = {2010},
  author    = {Hansen, Per Christian},
  volume    = {7},
  series    = {{F}undamentals of {A}lgorithms},
  isbn      = {978-0-898716-96-2},
  language  = {english},
  mr        = {-},
  owner     = {volker},
  pages     = {xii + 213},
  timestamp = {2016.01.14},
  zbl       = {-},
}

@Article{Westaway2013a,
  author    = {R. Westaway and P. L. Younger},
  title     = {Accounting for palaeoclimate and topography: {A} rigorous approach to correction of the British geothermal dataset},
  journal   = {Geothermics},
  year      = {2013},
  volume    = {48},
  pages     = {31--51},
  owner     = {volker},
  timestamp = {2013.05.29},
}

@Book{Aster2019a,
  title     = {Parameter Estimation and Inverse Problems},
  publisher = {Elsevier},
  year      = {2019},
  author    = {R. C. Aster and B. Borchers and C. H. Thurber},
  address   = {Amsterdam, Netherlands},
  edition   = {3rd},
  owner     = {volker},
  timestamp = {2017.01.06},
}

@MastersThesis{Heckenbach2019a,
  author = {Esther Heckenbach},
  title  = {Geothermal Invesigations in the North-East German Basin},
  school = {School of Geosciences, Potsdam University, Germany},
  year   = {2019},
}

@Book{Bodri2007a,
  title     = {Borehole climatology: a new method how to reconstruct climate},
  publisher = {Elsevier},
  year      = {2007},
  author    = {L. Bodri and V. Cermak},
  address   = {Oxford},
  optannote = {352 pp},
  optnote   = {ISBN 9780080453200},
  owner     = {volker},
  timestamp = {2009.06.21},
}

@TechReport{Balling1981a,
  author      = {N. Balling and J. I. Kristiansen and N. Breiner and K. D. Poulsen and R. Rasmussen and S. Saxov},
  title       = {Geothermal measurements and subsurface temperature modelling in Denmark},
  institution = {Dept.of Geology, Aarhus University},
  year        = {1981},
  type        = {Geoskrifter},
  number      = {16},
  owner       = {vrath},
  timestamp   = {2014.10.08},
}

@Book{Wahba1990a,
  title     = {{S}pline {M}odels for {O}bservational {D}ata},
  publisher = {{S}ociety for {I}ndustrial and {A}pplied {M}athematics ({S}{I}{A}{M}), {P}hiladelphia},
  year      = {1990},
  author    = {Wahba, G.},
  volume    = {59},
  series    = {{C}{B}{M}{S}-{N}{S}{F} {R}egional {C}onference {S}eries in {A}pplied {M}athematics},
  isbn      = {0-89871-244-0},
  booktitle = {{S}pline models for observational data},
  language  = {english},
  mr        = {MR1045442},
  owner     = {volker},
  pages     = {xii+169},
  timestamp = {2017.01.15},
}

@Article{Kukkonen2011b,
  author  = {Kukkonen, I. T. and Rath, V. and Kivek{\"a}s, L. and {\v{S}}afanda, J. and Cermak, V.},
  title   = {Geothermal studies of the Outokumpu Deep Drill Hole, Finland: vertical variation in heat flow and paleoclimatic implications.},
  journal = {Phys. Earth Planet. Inter.},
  year    = {2011},
  volume  = {188},
  pages   = {9--25},
  doi     = {10.1016/j.pepi.2011.06.002},
  review  = {https://doi.org/10.1016/j.pepi.2011.06.002},
}

@Article{Chouinard2009a,
  author    = {C. Chouinard and J.-C. Mareschal},
  title     = {Ground surface temperature history in southern {Canada}: Temperatures at the base of the Laurentide ice sheet and during the {H}olocene},
  journal   = {Earth and Planetary Science Letters},
  year      = {2009},
  volume    = {277},
  pages     = {280--289},
  owner     = {volker},
  timestamp = {2009.06.19},
}

@TechReport{Kukkonen2011a,
  author      = {I. T. Kukkonen and V. Rath and L. Kivek{\"{a}}s and J. \v{S}afanda and V. \v{C}ermak},
  title       = {Geothermal Studies of the {O}utokumpu {D}eep {D}rill {H}ole},
  institution = {Geological Survey of Finland},
  year        = {2011},
  type        = {Special paper Series},
  number      = {Outokumpu Deep Drilling Project (2004-2010)},
  owner       = {volker},
  timestamp   = {2010.08.14},
}

@Article{Beltrami2011a,
  author    = {H. Beltrami and J. E. Smerdon and G. S. Matharoo and N. Nickerson},
  title     = {Impact of maximum borehole depths on inverted temperature histories in borehole paleoclimatology},
  journal   = {Climate of the Past},
  year      = {2011},
  volume    = {7},
  number    = {3},
  pages     = {745--756},
  comment   = {http://www.clim-past.net/7/745/2011/},
  doi       = {10.5194/cp-7-745-2011},
  owner     = {volker},
  timestamp = {2013.06.25},
}

@Book{Gelman2013a,
  title     = {Bayesian Data Analysis, Third Edition},
  publisher = {Taylor \& Francis},
  year      = {2013},
  author    = {Gelman, A and Carlin, J B and Stern, H S and Dunson, D B and Vehtari, A and Rubin, D B},
  series    = {Chapman \& Hall/CRC Texts in Statistical Science},
  abstract  = {Now in its third edition, this classic book is widely considered
               the leading text on Bayesian methods, lauded for its accessible,
               practical approach to analyzing data and solving research
               problems. Bayesian Data Analysis , Third Edition continues to
               take an applied ...},
  owner     = {volker},
  timestamp = {2016.07.10},
}

@Article{Mottaghy2006a,
  author    = {D. Mottaghy and V. Rath},
  title     = {Latent heat effects in subsurface heat transport modeling and their impact on paleotemperature reconstructions},
  journal   = {Geophys. J. Int.},
  year      = {2006},
  volume    = {164},
  number    = {1},
  pages     = {236--245},
  doi       = {10.1111/j.1365-246X.2005.02843.x},
  owner     = {volker},
  timestamp = {2013.01.20},
}

@Book{Hadamard1923a,
  title     = {Lectures on the Cauchy Problem in Linear Partial Differential Equations},
  publisher = {Yale University Press},
  year      = {1923},
  author    = {J. Hadamard},
  address   = {New Haven CT},
  owner     = {volker},
  timestamp = {2013.01.20},
}

@Book{Tarantola2005a,
  title     = {Inverse Problem Theory and Methods for Model Parameter Estimation},
  publisher = {SIAM},
  year      = {2005},
  author    = {A. Tarantola},
  address   = {Philadelphia PA, USA},
  owner     = {vrath},
  timestamp = {2017.03.12},
}

@Comment{jabref-meta: databaseType:bibtex;}
